<?xml version="1.0" encoding="utf-8"?>
<record xmlns="http://www.loc.gov/MARC21/slim" xmlns:xsi="http://www.w3.org/2001/XMLSchema-instance" xsi:schemaLocation="http://www.loc.gov/MARC21/slim http://www.loc.gov/standards/marcxml/schema/MARC21slim.xsd">
	<leader>     nam a22        4500</leader>
	<controlfield tag="001">b12350783</controlfield>
	<controlfield tag="003">LeBAU</controlfield>
	<controlfield tag="006">m        d        </controlfield>
	<controlfield tag="007">cr cn |||m|||a</controlfield>
	<controlfield tag="008">170926s1910    sy      o     000 0 ara d</controlfield>
	<datafield ind1=" " ind2=" " tag="040">
		<subfield code="a">NNU</subfield>
		<subfield code="b">ara</subfield>
		<subfield code="e">rda</subfield>
		<subfield code="c">NNU</subfield>
	</datafield>
	<datafield ind1="0" ind2="4" tag="082">
		<subfield code="a">297.124</subfield>
		<subfield code="2">22</subfield>
	</datafield>
	<datafield ind1="1" ind2=" " tag="100">
		<subfield code="6">880-01</subfield>
		<subfield code="a">Kattānī, Muḥammad ibn Jaʻfar,</subfield>
		<subfield code="d">1857 or 1858-1927,</subfield>
		<subfield code="e">author.</subfield>
	</datafield>
	<datafield ind1="1" ind2="0" tag="245">
		<subfield code="6">880-02</subfield>
		<subfield code="a">Naẓm al-mutanāthir fī al-ḥadīth al-mutawātir /</subfield>
		<subfield code="c">taʼlīf al-shaykh al-imām al-faqīh al-muḥaddith al-‘allāmah al-muḥaqqiq Abī ʻAbd Allāh Muḥammad ibn Abī al-Fayḍ Jaʻfar al-Ḥasanī al-Idrīsī al-Kattānī.</subfield>
	</datafield>
	<datafield ind1=" " ind2="1" tag="264">
		<subfield code="6">880-03</subfield>
		<subfield code="a">Ḥalab, Sūriyah :</subfield>
		<subfield code="b">Dār al-Maʻārif,</subfield>
		<subfield code="c">1328 H., [1910? M.]</subfield>
	</datafield>
	<datafield ind1=" " ind2=" " tag="300">
		<subfield code="6">880-04</subfield>
		<subfield code="a">online resource (157 pages)</subfield>
	</datafield>
	<datafield ind1=" " ind2=" " tag="336">
		<subfield code="a">text</subfield>
		<subfield code="2">rdacontent</subfield>
	</datafield>
	<datafield ind1=" " ind2=" " tag="337">
		<subfield code="a">computer</subfield>
		<subfield code="2">rdamedia</subfield>
	</datafield>
	<datafield ind1=" " ind2=" " tag="338">
		<subfield code="a">online resource</subfield>
		<subfield code="2">rdacarrier</subfield>
	</datafield>
	<datafield ind1=" " ind2=" " tag="500">
		<subfield code="a">Part of the Arabic Collections Online (ACO) project, contributed by American University of Beirut's Jafet Memorial Library.</subfield>
	</datafield>
	<datafield ind1="2" ind2=" " tag="520">
		<subfield code="a">&quot;جمع المؤلف في هذا الكتاب جملة وافرة من الأحاديث المتواترة ورتبه ترتيبًا موضوعيًا، مردفًا كل حديث بما يثبت تواتره من تعدد رواته، ومقرونًا بحكم العلماء عليه، وترجع أهمية الكتاب إلى ضمه لكثير من الأحاديث المتواترة، التي أوجب العلماء العمل بها.&quot;</subfield>
	</datafield>
	<datafield ind1=" " ind2=" " tag="533">
		<subfield code="a">Electronic reproduction.</subfield>
		<subfield code="b">New York, N.Y. :</subfield>
		<subfield code="c">New York University,</subfield>
		<subfield code="d">2017.</subfield>
		<subfield code="5">NNU</subfield>
	</datafield>
	<datafield ind1=" " ind2=" " tag="588">
		<subfield code="a">أخذ هذا المستخلص من: http://www.al-eman.com/%D8%A7%D9%84%D9%83%D8%AA%D8%A8/%D9%86%D8%B8%D9%85%20%D8%A7%D9%84%D9%85%D8%AA%D9%86%D8%A7%D8%AB%D8%B1%20%D9%85%D9%86%20%D8%A7%D9%84%D8%AD%D8%AF%D9%8A%D8%AB%20%D8%A7%D9%84%D9%85%D8%AA%D9%88%D8%A7%D8%AA%D8%B1%20**/i24&amp;p1 (تاريخ زيارة الموقع: 18/01/2017)</subfield>
	</datafield>
	<datafield ind1=" " ind2="4" tag="650">
		<subfield code="a">الحديث</subfield>
		<subfield code="x">إسناد.</subfield>
	</datafield>
	<datafield ind1=" " ind2="0" tag="650">
		<subfield code="a">Hadith</subfield>
		<subfield code="x">Evidences, authority, etc..</subfield>
	</datafield>
	<datafield ind1="2" ind2=" " tag="710">
		<subfield code="a">Jafet Memorial Library.</subfield>
	</datafield>
	<datafield ind1="0" ind2=" " tag="730">
		<subfield code="a">Arabic Collections Online.</subfield>
	</datafield>
	<datafield ind1="0" ind2="8" tag="776">
		<subfield code="i">Print version:</subfield>
		<subfield code="a">Kattānī, Muḥammad ibn Jaʻfar, 1857 or 1858-1927, author.</subfield>
		<subfield code="t">Naẓm al-mutanāthir fī al-ḥadīth al-mutawātir</subfield>
		<subfield code="w">(LeBAU)b12350783</subfield>
	</datafield>
	<datafield ind1="4" ind2="0" tag="856">
		<subfield code="u">http://hdl.handle.net/2333.1/2547df38</subfield>
	</datafield>
	<datafield ind1="1" ind2=" " tag="880">
		<subfield code="6">100-01/(3/r</subfield>
		<subfield code="a">الكتاني، محمد بن جعفر،</subfield>
		<subfield code="d">1857 او 1858-1927،</subfield>
		<subfield code="e">مؤلف. </subfield>
		<subfield code="4">aut.</subfield>
	</datafield>
	<datafield ind1="1" ind2="0" tag="880">
		<subfield code="6">245-02/(3/r</subfield>
		<subfield code="a">نظم المتناثر في الحديث المتواتر /</subfield>
		<subfield code="c">تأليف الشيخ الإمام الفقيه المحدث العلامة المحقق أبي عبد الله محمد بن أبي الفيض جعفر الحسني الإدريسي الكتاني.</subfield>
	</datafield>
	<datafield ind1=" " ind2="1" tag="880">
		<subfield code="6">264-03/(3/r</subfield>
		<subfield code="a">حلب، سورية :</subfield>
		<subfield code="b">دار المعارف،</subfield>
		<subfield code="c">1328 هـ.، [1910؟ م.]</subfield>
	</datafield>
	<datafield ind1=" " ind2=" " tag="880">
		<subfield code="6">300-04/(3/r</subfield>
		<subfield code="a">157 صفحة ؛</subfield>
		<subfield code="c">25 سم</subfield>
	</datafield>
	<datafield ind1=" " ind2=" " tag="959">
		<subfield code="a">NNU</subfield>
		<subfield code="b">WEB</subfield>
		<subfield code="c">GENI</subfield>
		<subfield code="t">0</subfield>
		<subfield code="m">Electronic access</subfield>
		<subfield code="s">01</subfield>
	</datafield>
	<datafield ind1=" " ind2=" " tag="999">
		<subfield code="i">LeBAU_b12350783</subfield>
		<subfield code="s">aub_aco001229</subfield>
		<subfield code="e">(ERROR-MISC)</subfield>
	</datafield>
</record>
